@book{slownikJP,
   title = {Słownik języka polskiego},
   publisher = {Wydawnictwo Naukowe PWN},
   year = {1994},
   author = {Mieczysław Szymczak, Halina Chociłowska},
   address = {Warszawa},
}

@misc{kodeksCywilny,
	title= "{Ustawa z dnia 23 kwietnia 1964 r. - Kodeks cywilny}",
	note = "Dz.U. 1964 nr 16 poz. 93",
}

@misc{ordynacjaPodatkowa,
	title= "{Ustawa z dnia 29 sierpnia 1997 r. - Ordynacja podatkowa}",
	note = "Dz.U. 1997 nr 137 poz. 926",
}

@misc{ustawaOPodatkuDochodowym,
	title= "{Ustawa z dnia 26 lipca 1991 r. o podatku dochodowym od osób fizycznych}",
	note = "Dz.U. 1991 nr 80 poz. 350",
}

@misc{ustawaOPrawieAutorskim,
	title= "{Ustawa z dnia 4 lutego 1994 r. o prawie autorskim i prawach pokrewnych}",
	note = "Dz.U. 1994 nr 24 poz. 83",
}

@misc{ustawaOSwiadczeniachOpieki,
	title= "{Ustawa z dnia 27 sierpnia 2004 r. o świadczeniach opieki zdrowotnej finansowanych ze środków publicznych}",
	note = "Dz.U. 2004 nr 210 poz. 2135",
}

@misc{ustawaOOchronieRoszczen,
	title= "{Ustawa z dnia 13 lipca 2006 r. o ochronie roszczeń pracowniczych w razie niewypłacalności pracodawcy}",
	note = "Dz.U. 2006 nr 158 poz. 1121",
}

@misc{ustawaOPromocjiZatrudnienia,
	title= "{Ustawa z dnia 20 kwietnia 2004 r. o promocji zatrudnienia i instytucjach rynku pracy}",
	note = "D Dz.U. 2004 nr 99 poz. 1001",
}

@misc{ustawaOSystemieUbezpieczen,
	title= "{Ustawa z dnia 13 października 1998 r. o systemie ubezpieczeń społecznych}",
	note = "Dz.U. 1998 nr 137 poz. 887",
}

@misc{panstwa,
  title = "{Zarządzenie Rektora nr 045/2013 z dnia 06/11/2013 w sprawie zawierania przez Politechnikę Warszawską umów zlecenia i umów o dzieło z osobami fizycznymi wraz z załącznikamu}"
}

@book{javaEE6,
   title = {Java EE 6, programowanie aplikacji WWW},
   publisher = {Helion},
   year = {2010},
   author = {Krzysztof Rychlicki-Kicior},
   address = {Gliwice}
}

@book{barker,
   title = "{Case Method: Modelowanie związków encji}",
   publisher = {Wydawnictwa Naukowo-Techniczne},
   year = {1996},
   author = {Richard Barker},
   address = {Warszawa}
}

@book{sacha,
   title = {Inżynieria oprogramowania},
   publisher = {Wydawnictwo Naukowe PWN},
   year = {2010},
   author = {Krzysztof Sacha},
   address = {Warszawa}
}

@book{hibernate,
   title = {Java Persistance With Hibernate},
   publisher = {Manning},
   year = {2007},
   author = {Christian Bauer, Gavin King},
   address = {Greenwich},
}

@misc{dojo,
  title = "{Dokumentacja narzedzia Dojo Toolkit}",
  note = {\url{http://dojotoolkit.org/documentation/}}
}

@misc{velocityUG,
  title = "{Velocity user guide}",
  note = {\url{\\http://velocity.apache.org/engine/devel/user-guide.html}}
}

@misc{panstwa,
  title = {Kody państw i regionów do użytku statystycznego},
  author = {Departament Statystyki Organizacji Narodów Zjednoczonych}
}

@manual{cron,
  title = {crontab(5)},
	note = {Strona podręcznika systemu Linux}
}


